@misc{lynxmoti36:online,
author = {},
title = {lynxmotion\_ssc-32u\_usb\_user\_guide.pdf},
howpublished = {\url{https://wiki.lynxmotion.com/info/wiki/lynxmotion/download/servo-erector-set-system/ses-electronics/ses-modules/ssc-32u/WebHome/lynxmotion_ssc-32u_usb_user_guide.pdf}},
month = {},
year = {},
note = {(Accessed on 10/26/2023)}
}